
@book{[GUE99],
author = {Guerrequeta, G.R. and Vallecillo, M.A},
title = {Técnicas de Diseño de Algoritmos},
publisher = {Universidad de Malaga},
year={1998},
}

@techreport{[CAP],
author = {Capel and T.M.},
title = {Tesis de Doctorado},
subtitle = { Capítulo IV: Paralelización de esquemas 
secuenciales. Sección IV.4.: Paralelización del Método de Ramificación y Acotación.},
institution = {Universidad de Malaga},
}

@article{[Oncan],
author = {{\"O}ncan,T. and Kuban, A. and Laporte,G.},
title = {A comparative analysis of several asymmetric traveling salesman problem formulations},
journal = {Computers and Operational Research},
Volume = {36 (3)},
year={2009},
pages ={637-654},
}

@techreport{[Lleida],
author = {Gimbert,J. },
title = {Curso de doctorado, Problemas de optimización sobre grafos},
institution = {Universitat de Lleida, Departament de Matemàtica},
year={2005},
%author = {Gimbert Quintilla,J. },
}

@book{[Wilf],
author = {Wilf, H.S.},
title = {Algorithms and Complexity},
year={1994},
publisher ={AK Peters},
}

@book{[FPAEd],
author = {Luis Joyanes Aguilar},
title = {Fundamentos de programación. Algoritmos y estructuras de datos},
publisher = {McGraw-Hill},
year={1990},
}

@book{[MIGADA],
author = {Garey,M. and Johnson,D.},
title = {Computers and Intractability: A Guide to the Theory of NP-Completeness},
publisher = {W.H. Freeman y Cía},
year={1979},
}

@techreport{[PASPLASA],
author = {Pascual,D.},
title = {Algoritmos de agrupamiento},
institution = {Departamento de Computación Universidad de Oriente,Cuba},
year={2007},
}

@techreport{[PASPLASA2],
author = { Pla,F.   and   Sánchez,S.},
title = {Algoritmos de agrupamiento},
institution = {Departamento de Lenguajes y Sistemas Informáticos Universitat Jaume I, España},
year={2007},
}

@book{[DUHASTO],
author = {Duda,R.O. and Hart,P.E. and Stork,D.},
title = {Pattern Classification},
publisher = {Wiley series in Probabilistic and Statistics},
year={2001},
}

@book{[KARHANKU],
author = {Karypis,G. and Han.,E. H. and  Kumar,V.},
title = {Chameleon: A hierarchical clustering algorithm using dynamic modeling},
publisher = {IEEE Computer},
year={1999},
pages = {68-75},
volume = {32},
number = {8},
}

@conference{[GURASHI],
author = {Guha,S. and Rastogi,R. and Shim, K.},
title = {CURE: An efficient clustering algorithm 
for large databases},
booktitle = { ACM SIGMOD´98},
pages = {73-84},
year={1998},
number ={24},
address ={Seattle, Washington},
}

@conference{[ESKRISAXU],
author = {Ester,M. and Kriegel,H.P. Sander,J. and Xu,X. },
title = {A density-based algorithm for 
discovering clusters in large spatial databases with noise},
booktitle = { In Proceedings of 
International Conference on Knoowledge Discovery and Data Mining 
(KDD´96)},
year={1996},
address = {Portland, Oregon},
number = {2},
pages ={226-231},
}

@article{[ANBRUKRISA],
author = {Ankerst,M. and Bruenig,M. and Kriegel,H. P. and Sander,J. },
title = {OPTICS: ordering points tu identify the clustering structure},
journal = { In Proceedings of ACM SIGMOD International Conference on Management of Data},
year = {1999},
pages = {49-60},
}

@article{[FIGJA],
author = {Figueiredo,Mario A. and Jain,A. K. },
title = {Unsupervised Learning of Finite Mixture Models"},
journal = {IEEE Transactions on Pattern Analysis and Machine Intelligence},
year = {2002},
pages = {381-396},
volume = {24},
number = {3},
}

@article{[METROPOLIS],
author = { Rosenbluth,N., A. and  Rosenbluth,M. and Teller,A. and Teller,E.},
title = {Equation of
State Calculations by Fast Computing Machines},
journal = {J. Chem. Phys. },
pages = {1087--1092},
year={1953},
}

@article{[KIRKPATRICK],
author = { Vecchi,M. P.},
title = {Optimization by Simulated Annealing},
journal = {Science},
pages = {671--680},
year={1983},
}

@article{[ZANAEVA],
author = {Zanakins, S. H. and Evans, J. R.},
title = {Heuristic ‘Optimization’: Why, When and How to Use It},
journal = {Interfaces},
pages = {84 - 91},
year={1981},
volume = {8},
number = {5},
}

@article{ [SILVER],
author = {Silver, E.A.},
title = {A tutorial on Heuristic Methods},
journal = {European Journal of Operational Reseach},
pages = {153–162},
year={1980},
volume = {5},
}

@book{ [SADIQBIB],
author = {Sadiq, S. M. and Habib, Y.},
title = {Iterative Computer Algorithms with Applications in Engineering: Solving Combinatorial Optimization Problems},
publisher = {Wiley-IEEE Computer Society Press},
year={1999},
}

@book{[NIVIZI],
author = {Ziviani,N.},
title = {Diseño de algoritmos con implementaciones en Pascal y C},
publisher = {Thomson},
year={2007},
}

@techreport{[KARP],
    author    = {Karp, R.},
    title     = {Reducibility Among Combinatorial Problems},
    institution = {University of California at Berkeley},
    year      = {1972},
}

@article{[GLOVER],
author = {Glover, F.},
title = {Future Paths for Integer Programming and Links to Artificial Intelligence},
journal = {Computers & Operations Research},
pages = {533-549},
year={1986},
volume = {13},
number = {5},
}

@techreport{[HOLLAND],
    author    = {Holland,J.},
    title     = {Adaptation in Natural and Articial Systems},
    institution = {University of Michigan Press,Ann Arbor},
    year      = {1975},
}

@book{[REEVES],
author = {Reeves,ZC.},
title = {Modern Heuristic Techniques for Combinatorial Problems},
publisher = {Blackwell Scientific Publications},
year={1993},
}

@book{[MICHALEWICZ],
author = {Michalewicz,Z. },
title = {Genetic Algorithms + Data Structures = Evolution Programs},
publisher = {SpringerVerlag},
year={1992},
}

@book{[DAVIS],
author = {Davis,L.},
title = {Handbook of Genetic Algorithms},
publisher = {Van Nostrand Reinhold},
year={1991},
}

@book{[GOLDBERG],
author = {Goldberg,D.E. },
title = {Genetic Algorithms in Search, Optimization and Machine Learning},
publisher = {Addison-Wesley},
year={1989},
}

@book{[KENNEDY],
author = { Kennedy, J. and Eberhart, R.C. },
title = {Swarm Intelligence},
publisher = {Morgan Kaufmann},
year={2001},
}

@mastersthesis{[FLORES],
    author    = {Flores Mendoza, J.I.},
    title     = {Propuesta de optimización mediante Cúmulos de Partículas para Espacios Restringidos},
    institution = {LANIA Xalapa, Ver},
    year      = {2007},
}

@article{[DANTZIG-RAMSER],
author = {Dantzig,G.B. and Ramser,J.H.},
title = {The Truck Dispatching Problem},
journal = {Management Science},
pages = {80-91},
year={1959},
volume = {6},
number = {1},
}

@article{[GOLDEN-ASSAD],
author = {Golden, B.L. and Assad, A.A.},
title = {Vehicle Routing: Methods and Studies, Studies in Management Science and Systems},
journal = {Elsevier Science Publ.},
pages = {85-105},
year={1959},
volume = {16},
number = {1},
}

@conference{[ARANEDA],
author = {Ceballos Araneda,L. and Santelices,M. and Moreno,I. and Moreno,L. and Moreno,R. and Mella ClarkK, F. },
title = {Algoritmo de optimización multiobjetivo en colonias de hormigas, aplicado al problema de reprogramación del transporte forestal},
booktitle = { Simposio Internacional de Ingeniería Industrial: Actualidad y Nuevas Tendencias},
year={2013},
address = {Colombia,Bogotá},
number = {6},
pages ={24-26},
}

@techreport{[PEMBERTHY],
    author    = {Pemberthy,J.},
    title     = {Implementación de un algoritmo metaheurístico para la solución de un problema de transporte terrestre  internacional},
    institution = {Departamento de Ingeniería de la Organización,Universidad Nacional de Colombia, Medellín},
    year      = {2013},
}

@techreport{[CONTARDO],
    author    = {Contardo, C.},
    title     = {Formulación y solución de un problema de ruteo de vehículos con demanda variable en tiempo real, trasbordos y ventanas de tiempo},
    institution = {Departamento de Ingeniería Matemática, Universidad de Chile},
    year      = {2005},
}

@book{[Burch],
author = {Burch, C. },
title = {The science of computing},
publisher = {Propia},
year={2004},
}

@article{[DANTZIG-RULKERSON],
author = {Dantzig, G. and Fulkerson, R. and Johnson, S.},
title = {Solution of a Large-Scale Traveling-Salesman Problem},
journal = {Journal of the Operations Research Society of America},
pages = {393-406},
year={1954},
volume = {2},
number = {4},
}

@techreport{[BLUMROLI],
    author    = {Blum, C. and Roli, A.},
    title     = {Metaheuristics in Combinatorial Optimization: Overview and conceptual Comparison},
    institution = {Universite´ Libre de Bruxelles, Universita` degli Studi di Bologna},
    year      = {2003},
}

@article{[GRANVILLE],
author = {Granville, V.},
title = {IEEE Transactions on Pattern Analysis and Machine Intelligence},
journal = {IEEE Computer Society},
pages = {652 - 656},
year={1994},
volume = {16},
number = {6},
}

@book{[LENSTRA],
author = { Lenstra, J. K },
title = {Local Search in Combinatorial Optimisation},
publisher = {John Wiley and Sons Ltd},
year={1997},
pages={215–310},
chapter={The Traveling Salesman Problem: A Case Study in Local Optimization}
}

@manual{[TSPLIB],
      key = {RKH},
      organization = {Ruprecht-Karls-Universität Heidelberg},
      title = {The TSPLIB},
      url = {http://comopt.ifi.uni-heidelberg.de/software/TSPLIB95/},
      year = {2016},
}

@manual{[TSPLIB2],
      Key = {ZIB},
      organization = {Zuse Institute Berlin},
      title = {The TSPLIB Symmetric Traveling Salesman Problem Instances},
      url = {http://elib.zib.de/pub/mp-testdata/tsp/tsplib/tsp/},
      year = {1999},
}
@manual{[MONALISA],
      Key = {UW},
      organization = {University of waterloo},
      title = {TSP Art},
      url = {http://www.math.uwaterloo.ca/tsp/data/art/index.html},
      year = {2016},
}
@manual{[TOKYO],
      Key = {TTRR},
      organization = {Tokyo Tech Research Repository},
      title = {Yuichi Nagata},
      url = {http://t2r2.star.titech.ac.jp/cgi-bin/researcherinfo.cgi?lv=en&q_researcher_content_number=CTT100574614},
      year = {2016},
}
@book{[CORMENL],
author = {Cormen, T. and Leiserson, Ch. and Rivest,R.},
title = {Introduction to Algorithms, MIT Press},
publisher = {McGraw Hill},
year={2001},
}

@techreport{[ADPEREZ],
author = {Díaz Pérez, A.},
title = {Análisis y Diseño de Algoritmos},
subtitle = { Búsqueda Local},
institution = {Instituto Politécnico Nacional, Sección de Computación Departamento de Ingeniería Eléctrica},
year = {2005},
%url = http://delta.cs.cinvestav.mx/~adiaz/anadis/LocalSearch.pdf%
}

@book{[PINOCHO],
author = {Hopcroft, J. and Motwani, R and Ullman, J.},
title = {Introducción a la teoría de autómatas lenguajes y computación},
publisher = {McGraw Hill},
year={2008},
pages = {31-37},
chapter={Automatas finitos}
}

@book{[PINOCHO2],
author = {Hopcroft, J. and Motwani, R and Ullman, J.},
title = {Introducción a la teoría de autómatas lenguajes y computación},
publisher = {McGraw Hill},
year={2008},
pages = {37-45},
chapter={Automatas finitos deterministas}
}

@book{[PINOCHO3],
author = {Hopcroft, J. and Motwani, R and Ullman, J.},
title = {Introducción a la teoría de autómatas lenguajes y computación},
publisher = {McGraw Hill},
year={2008},
pages = {46-56},
chapter={Automatas finitos no deterministas}
}

@book{[PINOCHO4],
author = {Hopcroft, J. and Motwani, R and Ullman, J.},
title = {Introducción a la teoría de autómatas lenguajes y computación},
publisher = {McGraw Hill},
year={2008},
pages = {61-68},
chapter={Autómatas finitos con transiciones $\epsilon$}
}

@conference{[BRIDGES],
author = {Kaplan, Craig S. and Bosch, Robert},
title = {Renaissance Banff: Bridges 2005: Mathematical Connections in Art, Music and Science},
booktitle = {TSP Art},
pages = {301-308},
year={2005},
address ={Alberta, Canada},
}

@book{[REF1],
author = {Johnson, D.S. and Papadimitriou,C.H.},
title = {Computational Complexity},
chapter={The Traveling Salesman Problem},
publisher = {Wiley},
year={1985},
pages = {37–85},
}

@book{[REF2],
author = {Gutin,G.  and Punnen, A.P.},
title = {The traveling salesman problem and its variations},
publisher = {Springer},
year={2002},
}

@book{[REF3],
author = {Perttunen, J.},
title = {The traveling salesman problem and its variations},
publisher = {Springer},
year={2002},
}

@techreport{[REF4],
author = {Balas, E. and Toth, P.},
title = {Tech Report No. MSRR-488},
subtitle = {Branch and bound methods for the traveling salesman problem},
institution = {Universidad Carnegie-Mellon},
year={1983},
}

@conference{[REF5],
author = {Grefenstette, J. and Gopal, R. and Rosmaita, B. and & Van Gucht, D. },
title = {Proceedings of the first International Conference on Genetic Algorithms and their Applications},
booktitle = {Genetic algorithms for the traveling salesman problem},
pages = {160-168},
year={1985},
publisher ={Universidad Carnegie-Mellon},
address = {5000 Forbes Ave, Pittsburgh, PA 15213, EE. UU},
}

@Article{[Perttunen1994],
author={Perttunen, Jukka},
title={On the Significance of the Initial Solution in Travelling Salesman Heuristics},
journal={Journal of the Operational Research Society},
year={1994},
volume={45},
number={10},
pages={1131-1140},
abstract={The quality requirements set by edge exchange heuristics on their initial solutions are
evaluated in connection with the travelling salesman problem. The performance of the heuristics is
measured using the expected value of the best solution achievable in a certain computing time. The
computational results show that the use of initial solutions generated by applying a construction
heuristic, instead of random initial solutions, typically improves the performance of edge exchange
heuristics. The improvement, however, is dependent on the edge exchange heuristic to be used, the
properties of the problem, and the computing time available.},
issn={1476-9360},
doi={10.1057/jors.1994.183},
url={http://dx.doi.org/10.1057/jors.1994.183}
}

%https://ztfnews.wordpress.com/2013/10/27/arte-tsp/
%http://www.cgl.uwaterloo.ca/csk/projects/tsp/
%http://www.math.uwaterloo.ca/tsp/book/index.html
%http://www.cgl.uwaterloo.ca/~csk/papers/bridges2005b.html
